@inproceedings{brenner2012,
  author = {Markus Brenner and Ebroul Izquierdo},
  title = {{Social Event Detection and Retrieval in Collaborative Photo Collections}},
  booktitle = {{Proceedings of the 2\ts{nd} ACM International Conference on Multimedia Retrieval}},
  year = 2012,
  month = Jun,
  organization = {ACM}
}